<record><leader>00000cas a22000007a 4500</leader><controlfield tag="001">12101783</controlfield><controlfield tag="008">850531c19019999okudr ne      0    0eng  </controlfield><datafield ind1=" " ind2=" " tag="010"><subfield code="a">sn 85042305 </subfield></datafield><datafield ind1=" " ind2=" " tag="040"><subfield code="a">DLC</subfield><subfield code="b">eng</subfield><subfield code="c">DLC</subfield><subfield code="d">OCLCQ</subfield></datafield><datafield ind1=" " ind2=" " tag="037"><subfield code="b">200-206 W. Broadway, Elk City, Okla. 73644</subfield></datafield><datafield ind1=" " ind2=" " tag="042"><subfield code="a">msc</subfield></datafield><datafield ind1="0" ind2="0" tag="050"><subfield code="a">Newspaper 9347-X</subfield></datafield><datafield ind1="0" ind2="4" tag="245"><subfield code="a">The Elk City daily news.</subfield></datafield><datafield ind1=" " ind2=" " tag="250"><subfield code="a">8th annual Ackley Park rodeo ed.</subfield></datafield><datafield ind1=" " ind2=" " tag="260"><subfield code="a">Elk City, Okla. :</subfield><subfield code="b">Paul R. Wade</subfield></datafield><datafield ind1=" " ind2=" " tag="300"><subfield code="a">v. :</subfield><subfield code="b">ill. ;</subfield><subfield code="c">59 cm.</subfield></datafield><datafield ind1=" " ind2=" " tag="310"><subfield code="a">Daily</subfield></datafield><datafield ind1="1" ind2=" " tag="362"><subfield code="a">Began in 1901.</subfield></datafield><datafield ind1=" " ind2=" " tag="530"><subfield code="a">Also issued on microfilm from Microfilm Center Inc.; Bell and Howell, MicroPhoto Division; and Okalhoma Historical Society.</subfield></datafield><datafield ind1=" " ind2=" " tag="588"><subfield code="a">Description based on: Vol. 17, no. 182 (Aug. 25, 1946).</subfield></datafield><datafield ind1=" " ind2=" " tag="752"><subfield code="a">United States</subfield><subfield code="b">Oklahoma</subfield><subfield code="c">Beckham</subfield><subfield code="d">Elk City.</subfield></datafield><datafield ind1="0" ind2="0" tag="780"><subfield code="t">Elk City news-democrat</subfield></datafield><datafield ind1="1" ind2=" " tag="029"><subfield code="a">AU@</subfield><subfield code="b">000025819240</subfield></datafield></record>